<record><leader>00000cas a2200000 a 4500</leader><controlfield tag="001">137350680</controlfield><controlfield tag="006">m     o  d        </controlfield><controlfield tag="007">cr |n|||||||||</controlfield><controlfield tag="008">831201d18691875gaudn nso     0   a0eng c</controlfield><datafield ind1=" " ind2=" " tag="010"><subfield code="a">  2007233865</subfield></datafield><datafield ind1=" " ind2=" " tag="040"><subfield code="a">AZU</subfield><subfield code="b">eng</subfield><subfield code="c">AZU</subfield><subfield code="d">GUA</subfield><subfield code="d">OCLCQ</subfield><subfield code="d">OCLCF</subfield><subfield code="d">OCLCO</subfield><subfield code="d">OCLCQ</subfield><subfield code="d">DLC</subfield><subfield code="d">HUL</subfield></datafield><datafield ind1=" " ind2=" " tag="012"><subfield code="l">1</subfield></datafield><datafield ind1=" " ind2=" " tag="019"><subfield code="a">963590056</subfield></datafield><datafield ind1="0" ind2=" " tag="022"><subfield code="a">2473-1528</subfield><subfield code="l">2473-151X</subfield><subfield code="2">1</subfield></datafield><datafield ind1=" " ind2=" " tag="042"><subfield code="a">pcc</subfield><subfield code="a">nsdp</subfield></datafield><datafield ind1=" " ind2=" " tag="043"><subfield code="a">n-us-ga</subfield></datafield><datafield ind1="1" ind2="0" tag="050"><subfield code="a">ISSN RECORD</subfield></datafield><datafield ind1=" " ind2="4" tag="050"><subfield code="a">AN13.A82</subfield></datafield><datafield ind1="1" ind2="0" tag="082"><subfield code="a">071</subfield><subfield code="2">23</subfield></datafield><datafield ind1="0" ind2=" " tag="130"><subfield code="a">Atlanta constitution (Atlanta, Ga. : 1869 : Online)</subfield></datafield><datafield ind1=" " ind2="4" tag="222"><subfield code="a">The Atlanta constitution</subfield><subfield code="b">(Atlanta, Ga. : 1869 : Online)</subfield></datafield><datafield ind1="1" ind2="4" tag="245"><subfield code="a">The Atlanta constitution.</subfield></datafield><datafield ind1="1" ind2="3" tag="246"><subfield code="a">Daily constitution</subfield></datafield><datafield ind1=" " ind2=" " tag="260"><subfield code="a">Atlanta, Ga. :</subfield><subfield code="b">W.A. Hemphill &amp; Co.,</subfield><subfield code="c">[1869-1875]</subfield></datafield><datafield ind1=" " ind2=" " tag="310"><subfield code="a">Daily (except Monday)</subfield></datafield><datafield ind1=" " ind2=" " tag="336"><subfield code="a">text</subfield><subfield code="b">txt</subfield><subfield code="2">rdacontent</subfield></datafield><datafield ind1=" " ind2=" " tag="337"><subfield code="a">computer</subfield><subfield code="b">c</subfield><subfield code="2">rdamedia</subfield></datafield><datafield ind1=" " ind2=" " tag="338"><subfield code="a">online resource</subfield><subfield code="b">cr</subfield><subfield code="2">rdacarrier</subfield></datafield><datafield ind1="0" ind2=" " tag="362"><subfield code="a">Vol. 2, no. 89 (Oct. 1, 1869)-v. 8, no. 55 (Aug. 19, 1875).</subfield></datafield><datafield ind1=" " ind2=" " tag="500"><subfield code="a">Published in a morning and evening ed.</subfield></datafield><datafield ind1=" " ind2=" " tag="500"><subfield code="a">Title from print version record.</subfield></datafield><datafield ind1=" " ind2="0" tag="651"><subfield code="a">Atlanta (Ga.)</subfield><subfield code="v">Newspapers.</subfield></datafield><datafield ind1=" " ind2="0" tag="651"><subfield code="a">Fulton County (Ga.)</subfield><subfield code="v">Newspapers.</subfield></datafield><datafield ind1=" " ind2="7" tag="651"><subfield code="a">Georgia</subfield><subfield code="z">Atlanta.</subfield><subfield code="2">fast</subfield><subfield code="0">(OCoLC)fst01204627</subfield></datafield><datafield ind1=" " ind2="7" tag="651"><subfield code="a">Georgia</subfield><subfield code="z">Fulton County.</subfield><subfield code="2">fast</subfield><subfield code="0">(OCoLC)fst01211153</subfield></datafield><datafield ind1=" " ind2="7" tag="655"><subfield code="a">Newspapers.</subfield><subfield code="2">fast</subfield><subfield code="0">(OCoLC)fst01423814</subfield></datafield><datafield ind1=" " ind2=" " tag="752"><subfield code="a">United States</subfield><subfield code="b">Georgia</subfield><subfield code="c">Fulton</subfield><subfield code="d">Atlanta.</subfield></datafield><datafield ind1="0" ind2="8" tag="776"><subfield code="i">Print version:</subfield><subfield code="t">Atlanta constitution</subfield><subfield code="x">2473-151X</subfield><subfield code="w">(DLC)sn 83016858</subfield><subfield code="w">(OCoLC)10177529</subfield></datafield><datafield ind1="0" ind2="0" tag="780"><subfield code="t">Constitution (Atlanta, Ga. : 1868 : Online)</subfield><subfield code="x">2473-1501</subfield><subfield code="w">(DLC)  2007233887</subfield><subfield code="w">(OCoLC)179260372</subfield></datafield><datafield ind1="0" ind2="5" tag="780"><subfield code="t">Atlanta daily sun (Atlanta, Ga. : 1870)</subfield></datafield><datafield ind1="0" ind2="0" tag="785"><subfield code="t">Atlanta daily constitution (Online)</subfield><subfield code="x">2473-1536</subfield><subfield code="w">(DLC)  2007233862</subfield><subfield code="w">(OCoLC)179260391</subfield></datafield><datafield ind1="4" ind2="0" tag="856"><subfield code="u">http://proquest.umi.com/pqdweb?RQT=306&amp;COPT=REJTPTFBQ0Q@&amp;DBId=15316</subfield></datafield><datafield ind1="4" ind2=" " tag="856"><subfield code="u">http://proquest.umi.com/pqdweb?&amp;RQT=318&amp;VName=HNP&amp;pmid=66975</subfield><subfield code="z">Full-text available from ProQuest Historical Newspapers</subfield></datafield></record>